@book{book_key,
	address = {City},
	publisher = {Publisher},
	author = {Smith, John},
	title = {Book title},
	year = {2012},
	volume = {3},
	series = {2},
	edition = {1},
	pages = {123--200},
	month = {January}
}

@article{article_key,
	address = {City},
	publisher = {Publisher},
	author = {Smith, James},
	title = {Article title},
	year = {2013},
	volume = {14},
	number = {6},
	pages = {1--8},
	month = {March}
}
@book{Abrial.1996,
  added-at = {2013-10-18T15:39:21.000+0200},
  address = {New York and NY and USA},
  author = {Abrial, J. R.},
  biburl = {https://www.bibsonomy.org/bibtex/2ce5cdf42244dbee65460743a95e9e57f/hlackner},
  interhash = {6b8fc7a1bf0b159116d6d5109d59f0a1},
  intrahash = {ce5cdf42244dbee65460743a95e9e57f},
  keywords = {Informatik},
  publisher = {Cambridge University Press},
  timestamp = {2013-10-18T15:39:21.000+0200},
  title = {The B-book: assigning programs to meanings},
  year = 1996
}

@book{POGReference,
  author = {CLEARSY},
  keywords = {Atelier B},
  publisher = {CLEARSY},
  title = {Atelier B Proof Obligations Reference Manual 3.7},
  year = 2018
}

@article{inproceedings,
author = {Behm, Patrick and Benoit, Paul and Faivre, Alain and Meynadier, Jean-Marc},
year = {1999},
month = {01},
pages = {369-387},
title = {METEOR: A successful application of B in a large project},
doi = {10.1007/3-540-48119-2_22}
}

@article{DBLP:conf/fmics/Lecomte09,
  author    = {Thierry Lecomte},
  title     = {Applying a Formal Method in Industry: {A} 15-Year Trajectory},
  booktitle = {Formal Methods for Industrial Critical Systems, 14th Int'l
               Workshop, {FMICS} 2009, Eindhoven, The Netherlands, November 2-3,
               2009. Proc.},
  pages     = {26--34},
  year      = {2009},
  crossref  = {DBLP:conf/fmics/2009},
  biburl    = {http://dblp.uni-trier.de/rec/bib/conf/fmics/Lecomte09},
 bibsource = {dblp computer science bibliography, http://dblp.org}
}
@proceedings{DBLP:conf/fmics/2009,
  editor    = {Mar{\'{\i}}a Alpuente and
               Byron Cook and
               Christophe Joubert},
  title     = {Formal Methods for Industrial Critical Systems, 14th Int'l
               Workshop, {FMICS} 2009, Eindhoven, The Netherlands, November 2-3,
               2009. Proc.},
  series    = {LNCS},
  volume    = {5825},
  publisher = {Springer},
  year      = {2009},
  biburl    = {http://dblp.uni-trier.de/rec/bib/conf/fmics/2009},
  bibsource = {dblp computer science bibliography, http://dblp.org}
}

@article{DBLP:conf/fm/Lecomte08,
  author    = {Thierry Lecomte},
  title     = {Safe and Reliable Metro Platform Screen Doors Control/Command Systems},
  booktitle = {{FM} 2008: Formal Methods, 15th Int'l Symposium on Formal
               Methods, Turku, Finland, May 26-30, 2008, Proc.},
  pages     = {430--434},
  year      = {2008},
  crossref  = {DBLP:conf/fm/2008},
  biburl    = {http://dblp.uni-trier.de/rec/bib/conf/fm/Lecomte08},
  bibsource = {dblp computer science bibliography, http://dblp.org}
}

@proceedings{DBLP:conf/fm/2008,
  editor    = {Jorge Cu{\'{e}}llar and
               T. S. E. Maibaum and
               Kaisa Sere},
  title     = {{FM} 2008: Formal Methods, 15th Int'l Symposium on Formal
               Methods, Turku, Finland, May 26-30, 2008, Proc.},
  series    = {LNCS},
  volume    = {5014},
  publisher = {Springer},
  year      = {2008},
  biburl    = {http://dblp.uni-trier.de/rec/bib/conf/fm/2008},
  bibsource = {dblp computer science bibliography, http://dblp.org}
}

@article{DBLP:journals/entcs/Benveniste11,
  author    = {Marc V. Benveniste},
  title     = {On Using {B} in the Design of Secure Micro-controllers: An Experience
               Report},
  journal   = {Electr. Notes Theor. Comput. Sci.},
  volume    = {280},
  pages     = {3--22},
  year      = {2011},
  biburl    = {http://dblp.uni-trier.de/rec/bib/journals/entcs/Benveniste11},
  bibsource = {dblp computer science bibliography, http://dblp.org}
}

@article{lecomte2016double,
  title={Double c{\oe}ur et preuve formelle pour automatismes SIL4},
  author={Lecomte, Thierry},
  journal={8E-Mod{\`e}les formels/preuves formelles-s{\^u}ret{\'e} du logiciel},
  year={2016},
  publisher={IMdR, Institut pour la Ma{\^\i}trise des risques}
}



